<record><leader>00000cas a22000007a 4500</leader><controlfield tag="001">22885516</controlfield><controlfield tag="008">901221d19841991mauwr ne      0    0eng d</controlfield><datafield ind1=" " ind2=" " tag="010"><subfield code="a">sn 89063413 </subfield></datafield><datafield ind1=" " ind2=" " tag="040"><subfield code="a">MGN</subfield><subfield code="b">eng</subfield><subfield code="c">MGN</subfield><subfield code="d">OCLCQ</subfield></datafield><datafield ind1=" " ind2=" " tag="042"><subfield code="a">msc</subfield></datafield><datafield ind1="0" ind2=" " tag="130"><subfield code="a">Merrimack Valley advertiser (Tewksbury, Mass. : Chelmsford Lowell ed.)</subfield></datafield><datafield ind1="1" ind2="0" tag="245"><subfield code="a">Merrimack Valley advertiser.</subfield></datafield><datafield ind1="1" ind2="7" tag="246"><subfield code="a">Chelmsford Lowell advertiser</subfield><subfield code="f">1984-May 25, 1988</subfield></datafield><datafield ind1="1" ind2="7" tag="246"><subfield code="a">Chelmsford Westford advertiser</subfield><subfield code="f">June 1, 1988-Aug. 30, 1989</subfield></datafield><datafield ind1=" " ind2=" " tag="250"><subfield code="a">Chelmsford Lowell ed.</subfield></datafield><datafield ind1=" " ind2=" " tag="260"><subfield code="a">Tewksbury, Mass. :</subfield><subfield code="b">Dole Pub. Co.</subfield></datafield><datafield ind1=" " ind2=" " tag="300"><subfield code="a">v.</subfield></datafield><datafield ind1=" " ind2=" " tag="310"><subfield code="a">Weekly</subfield></datafield><datafield ind1="0" ind2=" " tag="362"><subfield code="a">Vol. 1, no. 1 (Apr. 4, 1984)-</subfield></datafield><datafield ind1="1" ind2=" " tag="362"><subfield code="a">Ceased May 16, 1991.</subfield></datafield><datafield ind1=" " ind2=" " tag="500"><subfield code="a">Coverage varies: Chelmsford, Tyngsborough and Lowell, Apr. 9, 1986-Aug. 12, 1987; Chelmsford and Westford, May 25, 1988-Aug. 30, 1989; Chelmsford only, Sept. 6, 1989-&lt;Dec. 26, 1990&gt;.</subfield></datafield><datafield ind1=" " ind2=" " tag="515"><subfield code="a">Issued a separate Tyngsborough ed.: May 25, 1988.</subfield></datafield><datafield ind1=" " ind2=" " tag="752"><subfield code="a">United States</subfield><subfield code="b">Massachusetts</subfield><subfield code="c">Middlesex</subfield><subfield code="d">Tewksbury.</subfield></datafield><datafield ind1=" " ind2=" " tag="752"><subfield code="a">United States</subfield><subfield code="b">Massachusetts</subfield><subfield code="c">Middlesex</subfield><subfield code="d">Chelmsford.</subfield></datafield><datafield ind1=" " ind2=" " tag="752"><subfield code="a">United States</subfield><subfield code="b">Massachusetts</subfield><subfield code="c">Middlesex</subfield><subfield code="d">Lowell.</subfield></datafield><datafield ind1=" " ind2=" " tag="752"><subfield code="a">United States</subfield><subfield code="b">Massachusetts</subfield><subfield code="c">Middlesex</subfield><subfield code="d">Westford.</subfield></datafield><datafield ind1=" " ind2=" " tag="752"><subfield code="a">United States</subfield><subfield code="b">Massachusetts</subfield><subfield code="c">Middlesex</subfield><subfield code="d">Tyngsborough.</subfield></datafield><datafield ind1="0" ind2=" " tag="775"><subfield code="t">Merrimack Valley advertiser (Tewksbury, Mass.)</subfield><subfield code="w">(DLC)sn 89063376</subfield></datafield><datafield ind1="0" ind2=" " tag="775"><subfield code="t">Merrimack Valley advertiser (Tewksbury, Mass. : Billerica ed.)</subfield><subfield code="w">(DLC)sn 89063377</subfield></datafield><datafield ind1="0" ind2=" " tag="775"><subfield code="t">Merrimack Valley advertiser (Tewksbury, Mass. : Westford ed.)</subfield><subfield code="w">(DLC)sn 89063414</subfield></datafield><datafield ind1="0" ind2="4" tag="785"><subfield code="t">Newsweekly (Chelmsford, Mass.)</subfield><subfield code="w">(DLC)sn 89062244</subfield></datafield></record>